<record><leader>00000cas a22000007a 4500</leader><controlfield tag="001">19284169</controlfield><controlfield tag="008">890301d19011910mouwr ne      0    0eng d</controlfield><datafield ind1=" " ind2=" " tag="010"><subfield code="a">sn 89066027 </subfield></datafield><datafield ind1=" " ind2=" " tag="040"><subfield code="a">MQN</subfield><subfield code="b">eng</subfield><subfield code="c">MQN</subfield><subfield code="d">OCLCQ</subfield></datafield><datafield ind1=" " ind2=" " tag="042"><subfield code="a">msc</subfield></datafield><datafield ind1="0" ind2="0" tag="245"><subfield code="a">Nodaway forum.</subfield></datafield><datafield ind1=" " ind2=" " tag="260"><subfield code="a">Maryville, Mo. :</subfield><subfield code="b">C.J. Colden,</subfield><subfield code="c">1901-1910.</subfield></datafield><datafield ind1=" " ind2=" " tag="300"><subfield code="a">v.</subfield></datafield><datafield ind1=" " ind2=" " tag="310"><subfield code="a">Weekly</subfield></datafield><datafield ind1="0" ind2=" " tag="362"><subfield code="a">Vol. 2, no. 7 (Oct. 24, 1901)-v. 9, no. 32 (June 9, 1910).</subfield></datafield><datafield ind1=" " ind2=" " tag="580"><subfield code="a">Preceded by unknown title?</subfield></datafield><datafield ind1=" " ind2=" " tag="580"><subfield code="a">Merged with: Maryville republican (Maryville, Mo. : Weekly), and: Nodaway democrat (Maryville, Mo. : 1870), to form: Democrat-forum (Maryville, Mo. : Weekly ed.).</subfield></datafield><datafield ind1=" " ind2="4" tag="651"><subfield code="a">Nodaway County (Mo.)</subfield><subfield code="v">Newspapers.</subfield></datafield><datafield ind1=" " ind2=" " tag="752"><subfield code="a">United States</subfield><subfield code="b">Missouri</subfield><subfield code="c">Nodaway</subfield><subfield code="d">Maryville.</subfield></datafield><datafield ind1="1" ind2="7" tag="785"><subfield code="t">Maryville republican (Maryville, Mo. : Weekly)</subfield><subfield code="w">(DLC)sn 89066034</subfield></datafield><datafield ind1="1" ind2="7" tag="785"><subfield code="t">Nodaway democrat (Maryville, Mo. : 1870)</subfield><subfield code="w">(DLC)sn 85034020</subfield></datafield><datafield ind1="1" ind2="7" tag="785"><subfield code="t">Democrat-forum (Maryville, Mo. : Weekly ed.)</subfield><subfield code="w">(DLC)sn 89066028</subfield></datafield></record>